[gd_scene load_steps=30 format=2]

[ext_resource path="res://art/shroom/face_closecall.png" type="Texture" id=1]
[ext_resource path="res://scenes/mushroom-parts/StemPieceShort.tscn" type="PackedScene" id=2]
[ext_resource path="res://scenes/mushroom-parts/StemPieceConnector.tscn" type="PackedScene" id=3]
[ext_resource path="res://art/shroom/base.png" type="Texture" id=4]
[ext_resource path="res://art/shroom/face_blink.png" type="Texture" id=5]
[ext_resource path="res://scenes/Head.gd" type="Script" id=6]
[ext_resource path="res://scenes/mushroom-parts/Mushroom.gd" type="Script" id=7]
[ext_resource path="res://art/shroom/face_default.png" type="Texture" id=8]
[ext_resource path="res://art/spore.png" type="Texture" id=9]
[ext_resource path="res://art/shroom/blurbface2.png" type="Texture" id=10]
[ext_resource path="res://art/shroom/extrahappyface.png" type="Texture" id=11]
[ext_resource path="res://art/shroom/blurbface1.png" type="Texture" id=12]
[ext_resource path="res://scenes/mushroom-parts/Camera2D.gd" type="Script" id=13]

[sub_resource type="AtlasTexture" id=3]
atlas = ExtResource( 4 )
region = Rect2( 0, 0, 71, 45 )

[sub_resource type="SpriteFrames" id=4]
animations = [ {
"frames": [ SubResource( 3 ) ],
"loop": true,
"name": "default",
"speed": 5.0
} ]

[sub_resource type="AtlasTexture" id=5]
atlas = ExtResource( 8 )
region = Rect2( 0, 0, 71, 45 )

[sub_resource type="AtlasTexture" id=6]
atlas = ExtResource( 1 )
region = Rect2( 0, 0, 71, 45 )

[sub_resource type="AtlasTexture" id=16]
atlas = ExtResource( 12 )
region = Rect2( 0, 0, 71, 45 )

[sub_resource type="AtlasTexture" id=17]
atlas = ExtResource( 10 )
region = Rect2( 0, 0, 71, 45 )

[sub_resource type="AtlasTexture" id=9]
atlas = ExtResource( 5 )
region = Rect2( 0, 0, 71, 45 )

[sub_resource type="AtlasTexture" id=10]
atlas = ExtResource( 8 )
region = Rect2( 0, 0, 71, 45 )

[sub_resource type="AtlasTexture" id=15]
atlas = ExtResource( 11 )
region = Rect2( 0, 0, 71, 45 )

[sub_resource type="SpriteFrames" id=7]
animations = [ {
"frames": [ SubResource( 5 ) ],
"loop": true,
"name": "default",
"speed": 5.0
}, {
"frames": [ SubResource( 6 ) ],
"loop": true,
"name": "close_call",
"speed": 5.0
}, {
"frames": [ SubResource( 16 ), SubResource( 17 ) ],
"loop": true,
"name": "derp",
"speed": 8.0
}, {
"frames": [ SubResource( 9 ), SubResource( 10 ) ],
"loop": false,
"name": "blink",
"speed": 8.0
}, {
"frames": [ SubResource( 15 ) ],
"loop": true,
"name": "heppy",
"speed": 5.0
} ]

[sub_resource type="RectangleShape2D" id=1]
extents = Vector2( 22, 15 )

[sub_resource type="CapsuleShape2D" id=12]
radius = 18.9999
height = 16.0002

[sub_resource type="Gradient" id=13]
offsets = PoolRealArray( 0, 0.624642, 1 )
colors = PoolColorArray( 0.882353, 0.823529, 0.74902, 1, 0.915051, 0.872577, 0.818776, 0.722063, 1, 1, 1, 0 )

[sub_resource type="CapsuleShape2D" id=8]
radius = 37.9999
height = 42.0

[sub_resource type="Gradient" id=14]
offsets = PoolRealArray( 0, 0.0211082, 0.963061, 1 )
colors = PoolColorArray( 1, 1, 1, 0, 1, 1, 1, 0.772549, 1, 1, 1, 0.717693, 1, 1, 1, 0 )

[sub_resource type="RectangleShape2D" id=11]
extents = Vector2( 13, 6 )

[node name="Mushroom" type="Node2D"]
position = Vector2( 510, 536 )
script = ExtResource( 7 )

[node name="Head" type="RigidBody2D" parent="."]
position = Vector2( 0, -50 )
z_index = 1
collision_layer = 20
collision_mask = 20
mode = 2
gravity_scale = -128.0
linear_damp = 1.0
angular_damp = 5.0
script = ExtResource( 6 )

[node name="BaseHead" type="AnimatedSprite" parent="Head"]
position = Vector2( -1, -2 )
frames = SubResource( 4 )

[node name="Faces" type="AnimatedSprite" parent="Head"]
frames = SubResource( 7 )

[node name="CollisionShape2D" type="CollisionShape2D" parent="Head"]
position = Vector2( 0, 1 )
shape = SubResource( 1 )

[node name="Camera2D" type="Camera2D" parent="Head"]
position = Vector2( 0, 1 )
current = true
limit_top = -5100
drag_margin_h_enabled = true
drag_margin_left = 0.5
drag_margin_top = 0.3
drag_margin_right = 0.5
script = ExtResource( 13 )

[node name="Hitbox" type="Area2D" parent="Head"]
collision_layer = 17
collision_mask = 17

[node name="CollisionShape2D" type="CollisionShape2D" parent="Head/Hitbox"]
rotation = 1.5708
shape = SubResource( 12 )

[node name="Particles" type="Node2D" parent="Head"]
scale = Vector2( 5, 5 )

[node name="CPUParticles2D" type="CPUParticles2D" parent="Head/Particles"]
emitting = false
amount = 100
one_shot = true
explosiveness = 1.0
lifetime_randomness = 0.54
texture = ExtResource( 9 )
emission_shape = 1
emission_sphere_radius = 2.68
spread = 180.0
gravity = Vector2( 0, 0 )
initial_velocity = 30.0
initial_velocity_random = 0.2
damping = 30.0
scale_amount = 0.1
color_ramp = SubResource( 13 )

[node name="CloseCallDetector" type="Area2D" parent="Head"]

[node name="CollisionShape2D" type="CollisionShape2D" parent="Head/CloseCallDetector"]
position = Vector2( 0, -4 )
rotation = 1.5708
shape = SubResource( 8 )

[node name="BlinkTimer" type="Timer" parent="Head"]
wait_time = 0.5
autostart = true

[node name="Spores" type="CPUParticles2D" parent="Head"]
amount = 1
preprocess = 8.65
speed_scale = 0.16
fract_delta = false
texture = ExtResource( 9 )
emission_shape = 1
emission_sphere_radius = 40.0
gravity = Vector2( 0, 0 )
orbit_velocity = 1.0
orbit_velocity_random = 0.54
scale_amount = 0.7
color_ramp = SubResource( 14 )

[node name="IdleTimer" type="Timer" parent="Head"]
wait_time = 3.5
one_shot = true

[node name="StemSegment" type="Node2D" parent="."]
position = Vector2( 0, -32 )

[node name="StemPieceShort10" parent="StemSegment" instance=ExtResource( 2 )]
position = Vector2( 0, 24 )
gravity_scale = -0.1
angular_damp = 2.0

[node name="StemPieceShort8" parent="StemSegment" instance=ExtResource( 2 )]
position = Vector2( 0, 16 )
gravity_scale = -0.1
angular_damp = 2.0

[node name="StemPieceShort7" parent="StemSegment" instance=ExtResource( 2 )]
position = Vector2( 0, 12 )
gravity_scale = -0.1
angular_damp = 2.0

[node name="StemPieceShort6" parent="StemSegment" instance=ExtResource( 2 )]
position = Vector2( 0, 8 )
mass = 0.0387755
gravity_scale = -0.1
angular_damp = 2.0

[node name="StemPieceShort5" parent="StemSegment" instance=ExtResource( 2 )]
position = Vector2( 0, 4.00003 )
gravity_scale = -0.1
angular_damp = 2.0

[node name="StemPieceShort4" parent="StemSegment" instance=ExtResource( 2 )]
position = Vector2( 0, 3.05176e-05 )
gravity_scale = -0.1
angular_damp = 2.0

[node name="StemPieceShort3" parent="StemSegment" instance=ExtResource( 2 )]
position = Vector2( 0, -3.99997 )
gravity_scale = -0.1
angular_damp = 2.0

[node name="StemPieceShort2" parent="StemSegment" instance=ExtResource( 2 )]
position = Vector2( 0, -7.99997 )
gravity_scale = -0.1
angular_damp = 2.0

[node name="StemPieceShort" parent="StemSegment" instance=ExtResource( 2 )]
position = Vector2( 0.203003, -11.244 )
gravity_scale = -0.1
angular_damp = 2.0

[node name="StemPieceConnector" parent="StemSegment" instance=ExtResource( 3 )]
position = Vector2( 0, -16 )
node_a = NodePath("../../Head")
node_b = NodePath("../StemPieceShort")
bias = 0.1
softness = 1.0

[node name="StemPieceConnector2" parent="StemSegment" instance=ExtResource( 3 )]
position = Vector2( 0, -12 )
node_a = NodePath("../StemPieceShort")
node_b = NodePath("../StemPieceShort2")
bias = 0.1
softness = 1.0

[node name="StemPieceConnector3" parent="StemSegment" instance=ExtResource( 3 )]
position = Vector2( 0, -7.99997 )
node_a = NodePath("../StemPieceShort2")
node_b = NodePath("../StemPieceShort3")
bias = 0.1
softness = 1.0

[node name="StemPieceConnector4" parent="StemSegment" instance=ExtResource( 3 )]
position = Vector2( 0, -3.99997 )
node_a = NodePath("../StemPieceShort3")
node_b = NodePath("../StemPieceShort4")
bias = 0.1
softness = 1.0

[node name="StemPieceConnector5" parent="StemSegment" instance=ExtResource( 3 )]
position = Vector2( 0, 3.05176e-05 )
node_a = NodePath("../StemPieceShort4")
node_b = NodePath("../StemPieceShort5")
bias = 0.1
softness = 1.0

[node name="StemPieceConnector6" parent="StemSegment" instance=ExtResource( 3 )]
position = Vector2( 0, 4.00003 )
node_a = NodePath("../StemPieceShort5")
node_b = NodePath("../StemPieceShort6")
bias = 0.1
softness = 1.0

[node name="StemPieceConnector7" parent="StemSegment" instance=ExtResource( 3 )]
position = Vector2( 0, 8.00003 )
node_a = NodePath("../StemPieceShort6")
node_b = NodePath("../StemPieceShort7")
bias = 0.1
softness = 1.0

[node name="StemPieceConnector8" parent="StemSegment" instance=ExtResource( 3 )]
position = Vector2( 0, 12 )
node_a = NodePath("../StemPieceShort7")
node_b = NodePath("../StemPieceShort8")
bias = 0.1
softness = 1.0

[node name="StemPieceConnector9" parent="StemSegment" instance=ExtResource( 3 )]
position = Vector2( 0, 16 )
node_a = NodePath("../StemPieceShort8")
node_b = NodePath("../StemPieceShort9")
bias = 0.1
softness = 1.0

[node name="StemPieceConnector10" parent="StemSegment" instance=ExtResource( 3 )]
position = Vector2( 0, 20 )
node_a = NodePath("../StemPieceShort9")
node_b = NodePath("../StemPieceShort10")
bias = 0.1
softness = 1.0

[node name="StemPieceConnector11" parent="StemSegment" instance=ExtResource( 3 )]
position = Vector2( 0, 20 )
node_a = NodePath("../StemPieceShort10")
node_b = NodePath("../../Spore")
bias = 0.1
softness = 1.0

[node name="StemPieceShort9" parent="StemSegment" instance=ExtResource( 2 )]
position = Vector2( 0, 20 )
gravity_scale = -0.1
angular_damp = 2.0

[node name="Spore" type="StaticBody2D" parent="."]

[node name="CollisionShape2D" type="CollisionShape2D" parent="Spore"]
shape = SubResource( 11 )

[connection signal="close_call" from="Head" to="Head/Camera2D" method="_on_Head_close_call"]
[connection signal="close_call_ended" from="Head" to="Head/Camera2D" method="_on_Head_close_call_ended"]
[connection signal="exploded" from="Head" to="." method="_on_Head_exploded"]
[connection signal="body_entered" from="Head/Hitbox" to="Head" method="_on_Hitbox_body_entered"]
[connection signal="body_entered" from="Head/CloseCallDetector" to="Head" method="_on_CloseCallDetector_body_entered"]
[connection signal="body_exited" from="Head/CloseCallDetector" to="Head" method="_on_CloseCallDetector_body_exited"]
[connection signal="timeout" from="Head/BlinkTimer" to="Head" method="_on_BlinkTimer_timeout"]
[connection signal="timeout" from="Head/IdleTimer" to="Head" method="_on_IdleTimer_timeout"]
