[gd_scene load_steps=4 format=2]

[ext_resource path="res://art/magicsphere.png" type="Texture" id=1]
[ext_resource path="res://scenes/autoloads/HUD.gd" type="Script" id=2]

[sub_resource type="StyleBoxFlat" id=1]
bg_color = Color( 0, 0, 0, 0.415686 )

[node name="HUD" type="CanvasLayer"]
script = ExtResource( 2 )

[node name="OrbAmountPanel" type="Panel" parent="."]
anchor_left = 1.0
anchor_top = 1.0
anchor_right = 1.0
anchor_bottom = 1.0
margin_left = -192.0
margin_top = -56.0
margin_right = -88.0
margin_bottom = -16.0
custom_styles/panel = SubResource( 1 )
__meta__ = {
"_edit_use_anchors_": false
}

[node name="Amount" type="Label" parent="OrbAmountPanel"]
margin_left = 64.0
margin_top = 16.0
margin_right = 72.0
margin_bottom = 30.0
rect_scale = Vector2( 2, 2 )
text = "0"
__meta__ = {
"_edit_use_anchors_": false
}

[node name="x" type="Label" parent="OrbAmountPanel/Amount"]
margin_left = -9.0
margin_right = -1.0
margin_bottom = 14.0
text = "x"
__meta__ = {
"_edit_use_anchors_": false
}

[node name="TextureRect" type="TextureRect" parent="OrbAmountPanel"]
margin_right = 24.0
margin_bottom = 20.0
rect_scale = Vector2( 2, 2 )
texture = ExtResource( 1 )
__meta__ = {
"_edit_use_anchors_": false
}

[node name="GameOver" type="Control" parent="."]
visible = false
anchor_right = 1.0
anchor_bottom = 1.0
__meta__ = {
"_edit_use_anchors_": false
}

[node name="ColorRect" type="ColorRect" parent="GameOver"]
margin_right = 1016.0
margin_bottom = 600.0
color = Color( 0.321569, 0.231373, 0.231373, 0.509804 )
__meta__ = {
"_edit_use_anchors_": false
}

[node name="Label" type="Label" parent="GameOver"]
anchor_top = 1.0
anchor_right = 1.0
anchor_bottom = 1.0
margin_top = -184.0
margin_right = -748.0
margin_bottom = -164.0
rect_scale = Vector2( 4, 4 )
text = "Press any key to continue"
align = 1
__meta__ = {
"_edit_use_anchors_": false
}

[node name="Label2" type="Label" parent="GameOver"]
anchor_right = 1.0
margin_left = 64.0
margin_top = 160.0
margin_right = -824.0
margin_bottom = 174.0
rect_scale = Vector2( 8, 8 )
text = "Game Over"
align = 1
__meta__ = {
"_edit_use_anchors_": false
}

[node name="Black" type="ColorRect" parent="."]
margin_right = 1000.0
margin_bottom = 600.0
color = Color( 0, 0, 0, 1 )
__meta__ = {
"_edit_use_anchors_": false
}

[node name="FadeOutTimer" type="Timer" parent="Black"]
wait_time = 0.1

[node name="FadeInTimer" type="Timer" parent="Black"]
wait_time = 0.1

[connection signal="timeout" from="Black/FadeOutTimer" to="." method="_on_FadeOutTimer_timeout"]
[connection signal="timeout" from="Black/FadeInTimer" to="." method="_on_FadeInTimer_timeout"]
